@Online{kali,
author = {Offensive Security},
title = {Kali Linux Documentation: What is Kali Linux?},
year = {2013},
howpublished = {\url{http://docs.kali.org/introduction/what-is-kali-linux}},
note = {Accessed: 22-05-2013}
}

@Online{openvpn,
author = {OpenVPN Technologies},
title = {Security Overview: OpenVPN Crytographic Layer},
year = {2012},
howpublished = {\url{http://openvpn.net/index.php/open-source/documentation/security-overview.html}},
note = {Accessed: 22-05-2013}
}
@Online{dsd,
author = {Defence Signals Directorate},
title = {Strategies to Mitigate Targeted Cyber Intrusions},
year = {2012},
howpublished = {\url{http://www.dsd.gov.au/infosec/top-mitigations/top35mitigationstrategies-list.htm}},
note = {Accessed: 22-05-2013}
}

@Book{pracmal,
 author    = "Michael Sikorski and Andrew Honig",
 title     = "Practical Malware Analysis",
 publisher = "No Starch Press",
 year      =  2012,
 address   = "San Francisco",
 edition   = "1st",
 isbn      = "978-1-59327-290-6"
}
@Book{winint,
 author    = "Mark Russinovich and David A. Solomon and Alex Ionescu",
 title     = "Windows Internals Part 1",
 publisher = "Microsoft Press",
 year      =  2012,
 address   = "Redmond, Washington",
 edition   = "6th",
 isbn      = "978-0-7356-4873-9"
}
@Book{winint2,
 author    = "Mark Russinovich and David A. Solomon and Alex Ionescu",
 title     = "Windows Internals Part 2",
 publisher = "Microsoft Press",
 year      =  2012,
 address   = "Redmond, Washington",
 edition   = "6th",
 isbn      = "978-0-7356-6587-3"
}
@Book{malcook,
 author    = "Michael Hale Ligh and Steven Adair and Blake Hartstein and Mathew Richard",
 title     = "Malware Analyst's Cookbook",
 publisher = "Wile Publishing",
 year      =  2011,
 address   = "Indianapolos",
 edition   = "1st",
 isbn      = "978-0-470-61303-0"
}

